<record><leader>00000cas a22000007a 4500</leader><controlfield tag="001">8977630</controlfield><controlfield tag="008">821122d19791983coudn ne      0   a0eng d</controlfield><datafield ind1=" " ind2=" " tag="010"><subfield code="a">sn 82007863 </subfield></datafield><datafield ind1=" " ind2=" " tag="040"><subfield code="a">NSD</subfield><subfield code="b">eng</subfield><subfield code="c">NSD</subfield><subfield code="d">CNQ</subfield><subfield code="d">NSD</subfield><subfield code="d">DAD</subfield><subfield code="d">OCLCQ</subfield><subfield code="d">OCLCF</subfield><subfield code="d">OCLCO</subfield></datafield><datafield ind1=" " ind2=" " tag="012"><subfield code="j">0</subfield><subfield code="m">d</subfield></datafield><datafield ind1="1" ind2=" " tag="022"><subfield code="a">0745-2446</subfield><subfield code="l">0745-2446</subfield><subfield code="2">1</subfield></datafield><datafield ind1=" " ind2=" " tag="037"><subfield code="b">Douglas County News-Press, 319 Perry St., Castle Rock, CO 80104</subfield></datafield><datafield ind1=" " ind2=" " tag="042"><subfield code="a">nsdp</subfield></datafield><datafield ind1=" " ind2="0" tag="222"><subfield code="a">Douglas County news-press</subfield><subfield code="b">(1979)</subfield></datafield><datafield ind1="0" ind2="0" tag="245"><subfield code="a">Douglas County news-press.</subfield></datafield><datafield ind1="0" ind2="0" tag="246"><subfield code="a">Douglas County news press</subfield></datafield><datafield ind1="0" ind2="3" tag="246"><subfield code="a">News-press</subfield></datafield><datafield ind1=" " ind2=" " tag="260"><subfield code="a">Castle Rock, Colo. :</subfield><subfield code="b">Douglas County Pub. Co., Inc.,</subfield></datafield><datafield ind1=" " ind2=" " tag="310"><subfield code="a">Daily (except Sun. and Mon.),</subfield><subfield code="b">Oct. 12, 1982-Sept. 15, 1983</subfield></datafield><datafield ind1=" " ind2=" " tag="321"><subfield code="a">Triweekly,</subfield><subfield code="b">Mar. 20, 1979-Dec. 6, 1979</subfield></datafield><datafield ind1=" " ind2=" " tag="321"><subfield code="a">Daily (except Sat., Sun., Mon.),</subfield><subfield code="b">Dec. 7, 1979-Oct. 8, 1982</subfield></datafield><datafield ind1="0" ind2=" " tag="362"><subfield code="a">87th year, no. 26 (Mar. 20, 1979)-91st year, no. 247 (Sept. 15, 1983).</subfield></datafield><datafield ind1=" " ind2=" " tag="500"><subfield code="a">Weekend eds. published occasionally.</subfield></datafield><datafield ind1=" " ind2=" " tag="500"><subfield code="a">Except for masthead, same as Parker news-press.</subfield></datafield><datafield ind1=" " ind2=" " tag="530"><subfield code="a">Available on microfilm from the Colorado Historical Society.</subfield></datafield><datafield ind1="2" ind2="0" tag="610"><subfield code="a">Douglas County History Research Center (Colo.)</subfield></datafield><datafield ind1="2" ind2="7" tag="610"><subfield code="a">Douglas County History Research Center (Colo.)</subfield><subfield code="2">fast</subfield><subfield code="0">(OCoLC)fst01640199</subfield></datafield><datafield ind1=" " ind2=" " tag="752"><subfield code="a">United States</subfield><subfield code="b">Colorado</subfield><subfield code="c">Douglas</subfield><subfield code="d">Castle Rock.</subfield></datafield><datafield ind1="0" ind2="4" tag="780"><subfield code="t">Douglas County news (Castle Rock, Colo. : 1949)</subfield><subfield code="w">(DLC)sn 90051163</subfield></datafield><datafield ind1="0" ind2="4" tag="780"><subfield code="t">Wednesday press</subfield><subfield code="w">(DLC)sn 90051178</subfield></datafield><datafield ind1="0" ind2="5" tag="780"><subfield code="t">Douglas County town &amp; country squire</subfield><subfield code="w">(DLC)sn 90051175</subfield></datafield><datafield ind1="0" ind2="0" tag="785"><subfield code="t">Douglas County daily news-press</subfield><subfield code="x">0746-5602</subfield><subfield code="w">(DLC)sn 83009937</subfield></datafield></record>